<record><leader>00000cas a2200000 a 4500</leader><controlfield tag="001">5050582</controlfield><controlfield tag="008">790608d19741977maubx ne      0   a0eng c</controlfield><controlfield tag="009">1313</controlfield><datafield ind1=" " ind2=" " tag="010"><subfield code="a">sn 92013099 </subfield></datafield><datafield ind1=" " ind2=" " tag="040"><subfield code="a">WIH</subfield><subfield code="b">eng</subfield><subfield code="c">WIH</subfield><subfield code="d">NST</subfield><subfield code="d">EYM</subfield><subfield code="d">OCLCQ</subfield><subfield code="d">CUV</subfield><subfield code="d">NVF</subfield><subfield code="d">OCLCO</subfield><subfield code="d">OCLCF</subfield></datafield><datafield ind1="1" ind2=" " tag="029"><subfield code="a">AU@</subfield><subfield code="b">000020706436</subfield></datafield><datafield ind1="0" ind2=" " tag="041"><subfield code="a">eng</subfield><subfield code="a">spa</subfield></datafield><datafield ind1=" " ind2=" " tag="042"><subfield code="a">pcc</subfield></datafield><datafield ind1=" " ind2=" " tag="043"><subfield code="a">n-us-ma</subfield></datafield><datafield ind1="0" ind2=" " tag="130"><subfield code="a">Spark (Boston, Mass.)</subfield></datafield><datafield ind1="1" ind2="0" tag="245"><subfield code="a">Spark.</subfield></datafield><datafield ind1="1" ind2=" " tag="246"><subfield code="a">Llamarada</subfield></datafield><datafield ind1=" " ind2=" " tag="260"><subfield code="a">Boston, Mass. :</subfield><subfield code="b">Party for Workers Power,</subfield><subfield code="c">1974-1977.</subfield></datafield><datafield ind1=" " ind2=" " tag="300"><subfield code="a">4 v. :</subfield><subfield code="b">ill. ;</subfield><subfield code="c">45 cm.</subfield></datafield><datafield ind1=" " ind2=" " tag="310"><subfield code="a">Every 6 weeks,</subfield><subfield code="b">&lt;Nov.-Dec. 1976-&gt;</subfield></datafield><datafield ind1=" " ind2=" " tag="321"><subfield code="a">Monthly,</subfield><subfield code="b">Mar. 1974-&lt;July 1976&gt;</subfield></datafield><datafield ind1="0" ind2=" " tag="362"><subfield code="a">Vol. 1, no. 1 (Mar. 9, 1974)-v. 4, no. 2 (Feb./Mar. 1977).</subfield></datafield><datafield ind1=" " ind2=" " tag="500"><subfield code="a">"The Communist newspaper."</subfield></datafield><datafield ind1=" " ind2=" " tag="530"><subfield code="a">Issued also on microfilm by the State Historical Society of Wisconsin and the Hoover Institution.</subfield></datafield><datafield ind1=" " ind2=" " tag="546"><subfield code="a">Text in English and Spanish; Spanish text on inverted pages, Mar. 9-Nov. 1974; called: Llamarada.</subfield></datafield><datafield ind1=" " ind2="0" tag="650"><subfield code="a">Communism</subfield><subfield code="z">Massachusetts</subfield><subfield code="z">Boston</subfield><subfield code="v">Newspapers.</subfield></datafield><datafield ind1=" " ind2="0" tag="650"><subfield code="a">Working class</subfield><subfield code="z">Massachusetts</subfield><subfield code="z">Boston</subfield><subfield code="v">Newspapers.</subfield></datafield><datafield ind1=" " ind2="0" tag="650"><subfield code="a">Working class</subfield><subfield code="v">Newspapers.</subfield></datafield><datafield ind1=" " ind2="7" tag="655"><subfield code="a">Newspapers.</subfield><subfield code="2">fast</subfield><subfield code="0">(OCoLC)fst01423814</subfield></datafield><datafield ind1=" " ind2="7" tag="650"><subfield code="a">Communism.</subfield><subfield code="2">fast</subfield><subfield code="0">(OCoLC)fst00870421</subfield></datafield><datafield ind1=" " ind2="7" tag="650"><subfield code="a">Working class.</subfield><subfield code="2">fast</subfield><subfield code="0">(OCoLC)fst01180418</subfield></datafield><datafield ind1=" " ind2="7" tag="651"><subfield code="a">Massachusetts</subfield><subfield code="z">Boston.</subfield><subfield code="2">fast</subfield><subfield code="0">(OCoLC)fst01205012</subfield></datafield><datafield ind1="2" ind2=" " tag="710"><subfield code="a">Party for Workers Power (U.S.)</subfield></datafield><datafield ind1="1" ind2=" " tag="776"><subfield code="t">Spark (Boston, Mass.)</subfield><subfield code="w">(DLC)sn 92013098</subfield><subfield code="w">(OCoLC)20868844</subfield></datafield><datafield ind1=" " ind2=" " tag="850"><subfield code="a">KU-S</subfield><subfield code="a">MiU</subfield></datafield></record>